<?xml version="1.0" encoding="UTF-8"?><collection xmlns="http://www.loc.gov/MARC21/slim"><record><leader>00431nam--2200157-i-4500</leader><controlfield tag="001">000010334</controlfield><controlfield tag="002">20161230</controlfield><controlfield tag="005">20170306225333</controlfield><controlfield tag="008">060222s1000------------r-----000-0-eng-d</controlfield><datafield ind1=" " ind2=" " tag="100"><subfield code="a">Dickerson, Richard E</subfield></datafield><datafield ind1=" " ind2=" " tag="245"><subfield code="a">Structure et action des proteines. Edition francaise par Jean Pelmont</subfield></datafield><datafield ind1=" " ind2=" " tag="260"><subfield code="a">Paris</subfield><subfield code="b">Mcgraw-hill</subfield><subfield code="c">1971</subfield></datafield><datafield ind1=" " ind2=" " tag="300"><subfield code="a">120 p</subfield></datafield><datafield ind1=" " ind2=" " tag="490"><subfield code="a">547.96 37651</subfield></datafield><datafield ind1=" " ind2=" " tag="700"><subfield code="a">Geis, Irving</subfield></datafield><datafield ind1=" " ind2=" " tag="CAT"><subfield code="a">SYS</subfield><subfield code="c">20170306</subfield><subfield code="h">225333</subfield></datafield></record></collection>